<?xml version="1.0" encoding="UTF-8" ?><marc:collection xmlns:marc="http://www.loc.gov/MARC21/slim" xmlns:xsi="http://www.w3.org/2001/XMLSchema-instance" xsi:schemaLocation="http://www.loc.gov/MARC21/slim http://www.loc.gov/standards/marcxml/schema/MARC21slim.xsd">
<marc:record><marc:leader>02927nam a2200397   4500</marc:leader>
<marc:controlfield tag="001">6318</marc:controlfield>
<marc:controlfield tag="003">aeadna</marc:controlfield><marc:controlfield tag="005">20100502082600.0</marc:controlfield><marc:controlfield tag="008">970225s1928  uaua    bf   ara00  0dara|d</marc:controlfield><marc:datafield tag="035" ind1=" " ind2=" "><marc:subfield code="a">(Sirsi) 6318</marc:subfield></marc:datafield><marc:datafield tag="040" ind1=" " ind2=" "><marc:subfield code="a">nal</marc:subfield><marc:subfield code="b">ara</marc:subfield><marc:subfield code="e">AACR2</marc:subfield></marc:datafield><marc:datafield tag="041" ind1="0" ind2=" "><marc:subfield code="a">ara</marc:subfield></marc:datafield><marc:datafield tag="043" ind1=" " ind2=" "><marc:subfield code="a">aw----- </marc:subfield><marc:subfield code="a"> ff----- </marc:subfield><marc:subfield code="a"> e-sp--- </marc:subfield><marc:subfield code="a"> a------ </marc:subfield><marc:subfield code="a"> f------</marc:subfield></marc:datafield><marc:datafield tag="050" ind1=" " ind2="4"><marc:subfield code="a">G370</marc:subfield><marc:subfield code="b">.I2 1928</marc:subfield></marc:datafield><marc:datafield tag="066" ind1=" " ind2=" "><marc:subfield code="c">(3</marc:subfield></marc:datafield><marc:datafield tag="082" ind1="1" ind2="0"><marc:subfield code="a">910.91</marc:subfield><marc:subfield code="b">21</marc:subfield></marc:datafield><marc:datafield tag="100" ind1="1" ind2=" "><marc:subfield code="a">ابن بطوطة،</marc:subfield><marc:subfield code="d">1377-1304م.</marc:subfield></marc:datafield><marc:datafield tag="245" ind1="1" ind2="0"><marc:subfield code="a">رحلة ابن بطوطة، المسماة، تحفة النظار في غرائب الأمصار وعجائب الأسفار</marc:subfield></marc:datafield><marc:datafield tag="246" ind1="3" ind2="0"><marc:subfield code="a">تحفة النظار من غرائب الأمصار وعجائب الأسفار</marc:subfield></marc:datafield><marc:datafield tag="250" ind1=" " ind2=" "><marc:subfield code="a">ط.1</marc:subfield></marc:datafield><marc:datafield tag="260" ind1=" " ind2=" "><marc:subfield code="a">[القاهرة :</marc:subfield><marc:subfield code="b">د.ن.]:</marc:subfield><marc:subfield code="c">1928م.</marc:subfield><marc:subfield code="e">(القاهرة :</marc:subfield><marc:subfield code="f">المطبعة الأزهرية)</marc:subfield></marc:datafield><marc:datafield tag="300" ind1=" " ind2=" "><marc:subfield code="a">2 ج. في1، 1-8 :</marc:subfield><marc:subfield code="b">خرائط؛</marc:subfield><marc:subfield code="c">24 سم.</marc:subfield></marc:datafield><marc:datafield tag="500" ind1=" " ind2=" "><marc:subfield code="a">محمد بن عبد الله بن محمد اللواتي الطنجي المعروف بابن َبـُّطوَطة (ولد في 24 فبراير 1304 - 1377م بطنجة) (703 - 779هـ) هو رحالة ومؤرخ وقاض وفقيه مغربي أمازيغي لقب بـأمير الرحالين المسلمين. خرج من طنجة سنة 725 هـ فطاف بلاد المغرب ومصر والسودان والشام والحجاز وتهامة ونجد والعراق وفارس واليمن وعمان والبحرين وتركستان وما وراء النهر وبعض الهند والصين الجاوة وبلاد التتار وأواسط أفريقيا. وإتصل بكثير من الملوك والأمراء فمدحهم - وكان ينظم الشعر - واستعان بهباتهم على أسفاره.</marc:subfield></marc:datafield><marc:datafield tag="500" ind1=" " ind2=" "><marc:subfield code="a">عدد صفحات الجزء الول من الكتاب (256) صفحة. وعدد صفحات الجزء الّثاني (208) صفحات</marc:subfield></marc:datafield><marc:datafield tag="500" ind1=" " ind2=" "><marc:subfield code="a">طبع الكتاب بالمطبعة الأزهرية على نفقة أصحابها ورثة المرحوم فضيلة الشيخ محمد عبد الخالق المهدي.</marc:subfield></marc:datafield><marc:datafield tag="500" ind1=" " ind2=" "><marc:subfield code="a">الكتاب: مجّلد. حالته الماّدية: توجد خروم  في الكتاب وبالّتحديد في الصفحات الأولى منه.</marc:subfield></marc:datafield><marc:datafield tag="520" ind1=" " ind2=" "><marc:subfield code="a">ُتحفة الُّنظار في غرائب الأمصار وعجائب الأسفار المعروف أيضًا باسم رحلة ابن بطوطة هو كتاب يصف رحلة ابن بطوطة، ويتحدث عن أهلها وحكامها وعلمها، ويصف الألبسة بألوانها وأشكالها وحيويتها ودلالتها، ولا ينسى الأطعمة وأنواعها وطريقة صناعتها، بعد أن أمضى 30 عاما في الرحلات في بلدان العالم. أمر السلطان أبو عنان المريني بتدوين هذه الرحلة واختار لذلك فقيها أندلسيا التحق ببلاط بني مرين وهو ابن جزي الكلبي، وكان إملاؤها بمدينة فاس سنة 756 هـ. ُترجم هذا الكتاب إلى عدة لغات مثل البرتغالية والفرنسية والإنجليزية، وُترجمت فصول منه إلى الألمانية.</marc:subfield></marc:datafield><marc:datafield tag="541" ind1=" " ind2=" "><marc:subfield code="a">هدية سمو الشيخ فالح بن ناصر آل ثاني إلى مكتبة مركز الوثائق والدراسات أبو ظبي</marc:subfield></marc:datafield><marc:datafield tag="600" ind1="2" ind2="4"><marc:subfield code="a">ابن بطوطة،</marc:subfield><marc:subfield code="d">1377-1304م.</marc:subfield></marc:datafield><marc:datafield tag="650" ind1=" " ind2="4"><marc:subfield code="a">الرحلات.</marc:subfield></marc:datafield><marc:datafield tag="650" ind1=" " ind2="4"><marc:subfield code="a">الرحالة</marc:subfield><marc:subfield code="z">العالم الإسلامي</marc:subfield><marc:subfield code="v">تراجم.</marc:subfield></marc:datafield><marc:datafield tag="651" ind1=" " ind2="4"><marc:subfield code="a">آسيا</marc:subfield><marc:subfield code="x">وصف ورحلات.</marc:subfield></marc:datafield><marc:datafield tag="651" ind1=" " ind2="4"><marc:subfield code="a">أفريقيا</marc:subfield><marc:subfield code="x">وصف ورحلات.</marc:subfield></marc:datafield><marc:datafield tag="775" ind1="0" ind2=" "><marc:subfield code="a">ابن بطوطة،</marc:subfield><marc:subfield code="d">بيروت : المكتبة العصرية، 2005م.</marc:subfield><marc:subfield code="f">0</marc:subfield><marc:subfield code="t">رحلة ابن بطوطة المسماة تحفة النظار في غرائب الأمصار وعجائب الأسفار /</marc:subfield></marc:datafield><marc:datafield tag="775" ind1="0" ind2=" "><marc:subfield code="a">ابن بطوطة،</marc:subfield><marc:subfield code="d">بيروت : دار صادر : دار بيروت، 1964م.</marc:subfield><marc:subfield code="t">رحلة إبن بطوطة</marc:subfield></marc:datafield><marc:datafield tag="949" ind1=" " ind2=" "><marc:subfield code="a">910.91 ب ظ ر ح</marc:subfield><marc:subfield code="v">1</marc:subfield><marc:subfield code="w">DDC</marc:subfield><marc:subfield code="i">30018000012200</marc:subfield><marc:subfield code="u">06/23/2003</marc:subfield><marc:subfield code="d">04/26/2010</marc:subfield><marc:subfield code="e">01/26/2010</marc:subfield><marc:subfield code="n">2</marc:subfield><marc:subfield code="t">Book</marc:subfield><marc:subfield code="l">i</marc:subfield><marc:subfield code="m">MAIN</marc:subfield><marc:subfield code="j">0</marc:subfield><marc:subfield code="x">RAR</marc:subfield></marc:datafield></marc:record>
</marc:collection>
